@article{agarwal05,
    author    = {Agarwal, Pankaj K. and Har-Peled, Sariel and Mustafa, Nabil H. and Wang, Yusu},
    title     = {Near-Linear Time Approximation Algorithms for Curve Simplification},
    journal   = {Algorithmica},
    year      = {2005},
    volume    = {42},
    number    = {3-4},
    doi       = {10.1007/s00453-005-1165-y}
}

@article{agarwal14,
    author    = {Agarwal, Pankaj K. and Avraham, Rinat Ben and Kaplan, Haim and Sharir, Micha},
    title     = {Computing the Discrete {F}r\'{e}chet Distance in Subquadratic Time},
    journal   = {SIAM J. Comput.},
    year      = {2014},
    volume    = {43},
    number    = {2},
    pages     = {429-449},
    doi       = {10.1137/130920526}
}

@inproceedings{ahn10,
    author    = {Ahn, Hee-Kap and Knauer, Christian and Scherfenberg, Marc and Schlipf, Lena and Vigneron, Antoine},
    title     = {Computing the Discrete {F}r\'{e}chet Distance with Imprecise Input},
    booktitle = {Algorithms and Computation},
    year      = {2010},
    pages     = {422-433},
    publisher = {Springer Berlin Heidelberg},
    address   = {Berlin, Heidelberg},
    editor    = {Cheong, Otfried and Chwa, Kyung-Yong and Park, Kunsoo},
    doi       = {10.1007/978-3-642-17514-5_36}
}

@article{alt03a,
    author    = {Alt, Helmut and Efrat, Alon and Rote, G\"{u}nter and Wenk, Carola},
    title     = {Matching Planar Maps},
    journal   = {J. Algorithms},
    year      = {2003},
    volume    = {49},
    number    = {2},
    pages     = {262-283},
    doi       = {10.1016/S0196-6774(03)00085-3}
}

@article{alt03b,
    author    = {Alt, Helmut and Knauer, Christian and Wenk, Carola},
    title     = {Comparison of Distance Measures for Planar Curves},
    journal   = {Algorithmica},
    year      = {2003},
    volume    = {38},
    number    = {45-58},
    doi       = {10.1007/s00453-003-1042-5}
}

@inproceedings{alt92,
    author    = {Alt, Helmut and Godau, Michael},
    title     = {Measuring the Resemblance of Polygonal Curves},
    booktitle = {Proceedings of the Eighth Annual Symposium on Computational Geometry},
    series    = {SCG '92},
    pages     = {102-109},
    year      = {1992},
    publisher = {Association for Computing Machinery},
    address   = {New York, NY, USA},
    editor    = {Avis, David},
    doi       = {10.1145/142675.142699},
}

@article{alt95,
    author    = {Alt, Helmut and Goday, Michael},
    title     = {Computing the {F}r\'{e}chet Distance between Two Polygonal Curves},
    journal   = {Int. J. Comput. Geometry Appl.},
    year      = {1995},
    volume    = {5},
    pages     = {75-91},
    doi       = {10.1142/S0218195995000064}
}

@inproceedings{aronov06,
    author    = {Aronov, Boris and Har-Peled, Sariel and Knauer, Christian and Wang, Yusu and Wenk, Carola},
    title     = {Fr\'{e}chet Distance for Curves, Revisited},
    booktitle = {Algorithms -- ESA 2006},
    year      = {2006},
    pages     = {52-63},
    publisher = {Springer Berlin Heidelberg},
    address   = {Berlin, Heidelberg},
    editor    = {Azar, Yossi and Erlebach, Thomas},
    doi       = {10.1007/11841036_8}
}

@inproceedings{avraham14,
    author    = {Avraham, Rinat Ben and Filtser, Omrit and Kaplan, Haim and Katz, Matthew J. and Sharir, Micha},
    title     = {The Discrete {F}r\'{e}chet Distance with Shortcuts via Approximate Distance Counting and Selection},
    booktitle = {Proceedings of the Thirtieth Annual Symposium on Computational Geometry},
    pages     = {377-386},
    series    = {SOCG '14},
    year      = {2014},
    publisher = {Association for Computing Machinery},
    address   = {New York, NY, USA},
    editor    = {Cheng, Siu-Wing and Devillers, Olivier},
    doi       = {10.1145/2582112.2582155}
}

@inproceedings{baldus17,
    author    = {Baldus, Julian and Bringmann, Karl},
    title     = {A fast implementation of near neighbors queries for Fr\'{e}chet distance ({GIS Cup})},
    booktitle = {Proceedings of the 25th ACM SIGSPATIAL International Conference on Advances in Geographic Information Systems},
    series    = {SIGSPATIAL '17},
    year      = {2017},
    pages     = {1-4},
    publisher = {Association for Computing Machinery},
    address   = {New York, NY, USA},
    doi       = {10.1145/3139958.3140062}
}

@inproceedings{bereg08,
    author    = {Bereg, Sergey and Jiang, Minghui and Wang, Wencheng and Yang, Boting and Zhu, Binhai},
    title     = {Simplifying 3{D} Polygonal Chains under the Discrete {F}r\'{e}chet Distance},
    booktitle = {Proceedings of the 8th Latin American Conference on Theoretical Informatics},
    series    = {LATIN '08},
    year      = {2008},
    pages     = {630-641},
    publisher = {Springer Berlin Heidelberg},
    address   = {Berlin, Heidelberg},
    editor    = {Laber, Eduardo Sany and Bornstein, Claudson and Nogueira, Loana Tito and Faria, Luerbio},
    doi       = {10.1007/978-3-540-78773-0_54}
}

@article{besse16,
    author    = {Besse, Philippe C. and Guillouet, Brendan and Loubes, Jean-Michel and Royer, Fran√ßois},
    title     = {Review and Perspective for Distance-Based Clustering of Vehicle Trajectories},
    journal   = {IEEE Transactions on Intelligent Transportation Systems},
    year      = {2016},
    volume    = {17},
    number    = {11},
    pages     = {3306-3317},
    doi       = {10.1109/TITS.2016.2547641}
}

@inproceedings{brakatsoulas05,
    author    = {Brakatsoulas, Sotiris and Pfoser, Dieter and Salas, Randall and Wenk, Carola},
    title     = {On Map-Matching Vehicle Tracking Data},
    booktitle = {Proceedings of the 31st International Conference on Very Large Data Bases},
    series    = {VLDB '05},
    year      = {2005},
    pages     = {853-864},
    publisher = {VLDB Endowment},
    address   = {Trondheim, Norway},
    editor    = {Bratbergsengen, Kjell},
    isbn      = {1595931546}
}

@article{brent82,
    author    = {Brent and Kung},
    title     = {A Regular Layout for Parallel Adders},
    journal   = {IEEE Transactions on Computers},
    year      = {1982},
    volume    = {C-31},
    number    = {3},
    pages     = {260-264},
    doi       = {10.1109/TC.1982.1675982}
}

@inproceedings{bringmann14,
    author    = {Bringmann, Karl},
    title     = {Why Walking the Dog Takes Time: {F}r\'{e}chet Distance Has No Strongly Subquadratic Algorithms Unless {SETH} Fails},
    booktitle = {2014 IEEE 55th Annual Symposium on Foundations of Computer Science},
    year      = {2014},
    pages     = {661-670},
    publisher = {IEEE},
    address   = {Philadelphia, PA, USA},
    doi       = {10.1109/FOCS.2014.76}
}

@inproceedings{bringmann19,
  author      = {Bringmann, Karl and K\"{u}nnemann, Marvin and Nusser, Andr\'{e}},
  title       = {Walking the Dog Fast in Practice: Algorithm Engineering of the {F}r\'{e}chet Distance},
  booktitle   = {35th International Symposium on Computational Geometry},
  series      = {Leibniz International Proceedings in Informatics (LIPIcs)},
  year        = {2019},
  volume      = {129},
  pages       = {1-21},
  publisher   = {Schloss Dagstuhl--Leibniz-Zentrum f{\"u}r Informatik (SoCG 2019)},
  address     = {Dagstuhl, Germany},
  editor      = {Barequet, Gill and Wang, Yusu},
  doi         = {10.4230/LIPIcs.SoCG.2019.17}
}

@inproceedings{buchin08a,
    author    = {Buchin, K. and Buchin, M. and Gudmundsson, J.},
    title     = {Detecting Single File Movement},
    year      = {2008},
    booktitle = {Proceedings of the 16th {ACM} {SIGSPATIAL} International Conference on Advances in Geographic Information Systems},
    series    = {GIS '08},
    publisher = {Association for Computing Machinery},
    address   = {New York, NY, USA},
    editor    = {Aref, Walid G. and Mokbel, Mohamed F. and Schneider, Markus},
    doi       = {10.1145/1463434.1463476}
}

@inproceedings{buchin08b,
    author    = {Buchin, Kevin and Buchin, Maike and Gudmundsson, Joachim and L{\"o}ffler, Maarten and Luo, Jun},
    title     = {Detecting Commuting Patterns by Clustering Subtrajectories},
    booktitle = {Algorithms and Computation},
    year      = {2008},
    pages     = {644-655},
    publisher = {Springer Berlin Heidelberg},
    address   = {Berlin, Heidelberg},
    editor    = {Hong, Seok-Hee and Nagamochi, Hiroshi and Fukunaga, Takuro},
    doi       = {10.1007/978-3-540-92182-0_57}
}

@article{buchin10,
    author    = {Kevin Buchin, Maike Buchin and Joachim Gudmundsson},
    title     = {Constrained free space diagrams: a tool for trajectory analysis},
    year      = {2010},
    journal   = {International Journal of Geographical Information Science},
    volume    = {24},
    number    = {7},
    pages     = {1101-1125},
    publisher = {Taylor \& Francis},
    doi       = {10.1080/13658810903569598}
}

@inproceedings{buchin14,
    author    = {Buchin, Maike and Driemel, Anne and Speckmann, Bettina},
    title     = {Computing the {F}r\'{e}chet Distance with Shortcuts is NP-Hard},
    booktitle = {Proceedings of the Thirtieth Annual Symposium on Computational Geometry},
    series    = {SOCG '14},
    year      = {2014},
    pages     = {367-376},
    publisher = {Association for Computing Machinery},
    address   = {New York, NY, USA},
    editor    = {Cheng, Siu-Wing and Devillers Olivier},
    doi       = {10.1145/2582112.2582144}
}

@article{buchin17a,
    author    = {Buchin, Kevin and Buchin, Maike and Meulemans, Wouter and Mulzer, Wolfgang},
    title     = {Four {S}oviets Walk the Dog: Improved Bounds for Computing the {F}r\'{e}chet distance},
    journal   = {Discrete Comput Geom},
    year      = {2017},
    volume    = {58},
    doi       = {10.1007/s00454-017-9878-7}
}

@inproceedings{buchin17b,
    author    = {Buchin, Kevin and Diez, Yago and van Diggelen, Tom and Meulemans, Wouter},
    title     = {Efficient trajectory queries under the Fr\'{e}chet distance ({GIS Cup})},
    booktitle = {Proceedings of the 25th ACM SIGSPATIAL International Conference on Advances in Geographic Information Systems},
    series    = {SIGSPATIAL '17},
    pages     = {1-4},
    year      = {2017},
    publisher = {Association for Computing Machinery},
    address   = {New York, NY, USA},
    doi       = {10.1145/3139958.3140064}
}

@inproceedings{buchin19a,
    author    = {Buchin, Kevin and Ophelders, Tim and Speckmann, Bettina},
    title     = {{SETH} Says: Weak {F}r\'{e}chet Distance is Faster, but only if it is Continuous and in One Dimension},
    booktitle = {Proceedings of the 2019 Annual ACM-SIAM Symposium on Discrete Algorithms (SODA)},
    year      = {2019},
    pages     = {2887-2901},
    publisher = {Society for Industrial and Applied Mathematics},
    address   = {Philadelphia, PA, USA},
    editor    = {Chan, Timothy M.},
    doi       = {10.1137/1.9781611975482.179}
}

@inproceedings{buchin19b,
    author    = {Buchin, Kevin and Driemel, Anne and Gudmundsson, Joachim and Horton, Michael and Kostitsyna, Irina and L\"{o}ffler, Maarten and Struijs, Martijn},
    title     = {Approximating $(k, \ell)$-center clustering for curves},
    booktitle = {Proceedings of the 2019 Annual ACM-SIAM Symposium on Discrete Algorithms (SODA)},
    pages     = {2922-2938},
    year      = {2019},
    publisher = {Society for Industrial and Applied Mathematics},
    address   = {Philadelphia, PA, USA},
    editor    = {Chan, Timothy M.},
    doi       = {10.1137/1.9781611975482.181}
}

@inproceedings{buchin19c,
    author    = {Buchin, Kevin and Driemel, Anne and van de L'Isle, Natasja and Nusser, Andr\'{e}},
    title     = {Klcluster: Center-Based Clustering of Trajectories},
    booktitle = {Proceedings of the 27th ACM SIGSPATIAL International Conference on Advances in Geographic Information Systems},
    series    = {SIGSPATIAL '19},
    year      = {2019},
    pages     = {496-499},
    publisher = {Association for Computing Machinery},
    address   = {New York, NY, USA},
    editor    = {Banaei-Kashani, Farnoush and Trajcevski, Goce and H. G\"{u}ting, Ralf and Kulik, Lars and Newsam, Shawn},
    doi       = {10.1145/3347146.3359111} }

@article{buchin23,
    author    = {Buchin, Kevin and Fan, Chenglin and L\"{o}ffler, Maarten and Popov, Aleksandr and Raichel, Benjamin and Roeloffzen, Marcel},
    title     = {Fr\'{e}chet Distance for Uncertain Curves},
    journal   = {{ACM} Trans. Algorithms},
    year      = {2023},
    volume    = {19},
    number    = {3},
    publisher = {Association for Computing Machinery},
    doi       = {10.1145/3597640}
}

@inproceedings{cao18,
    author    = {Cao, Jing and Liang, Maohan and Li, Yan and Chen, Jinwei and Li, Huanhuan and Liu, Ryan Wen and Liu, Jingxian},
    title     = {{PCA}-based hierarchical clustering of {AIS} trajectories with automatic extraction of clusters},
    booktitle = {2018 IEEE 3rd International Conference on Big Data Analysis (ICBDA)},
    year      = {2018},
    pages     = {448-452},
    doi       = {10.1109/ICBDA.2018.8367725}
}

@article{dowson82,
    author    = {D.C Dowson and B.V Landau},
    title     = {The Fr\'{e}chet distance between multivariate normal distributions},
    journal   = {Journal of Multivariate Analysis},
    year      = {1982},
    volume    = {12},
    number    = {3},
    pages     = {450-455},
    doi       = {10.1016/0047-259X(82)90077-X}
}

@article{driemel12,
    author    = {Driemel, Anne and Har-Peled, Sariel and Wenk, Carola},
    title     = {Approximating the {F}r\'{e}chet Distance for Realistic Curves in Near Linear Time},
    journal   = {Discrete Comput. Geom.},
    year      = {2012},
    volume    = {48},
    number    = {1},
    pages     = {94-127},
    doi       = {10.1007/s00454-012-9402-z}
}

@inproceedings{duetsch17,
    author    = {D\"{u}tsch, Fabian and Vahrenhold, Jan},
    title     = {A Filter-and-Refinement-Algorithm for Range Queries Based on the Fr\'{e}chet Distance ({GIS Cup})},
    booktitle = {Proceedings of the 25th ACM SIGSPATIAL International Conference on Advances in Geographic Information Systems},
    series    = {SIGSPATIAL '17},
    year      = {2017},
    publisher = {Association for Computing Machinery},
    address   = {New York, NY, USA},
    doi       = {10.1145/3139958.3140063},
}

@misc{eiter94,
    author    = {Eiter, Thomas and Mannila, Heikki},
    title     = {Computing Discrete {F}r\'{e}chet Distance},
    year      = {1994},
    note      = {Technical Report CDTR 94/64}
}

@article{flynn72,
    author=   {Flynn, Michael J.},
    title     = {Some Computer Organizations and Their Effectiveness},
    journal   = {IEEE Transactions on Computers},
    year      = {1972},
    volume    = {C-21},
    number    = {9},
    pages     = {948-960},
    doi       = {10.1109/TC.1972.5009071}
}

@article{frechet06,
    author    = {Fr\'{e}chet, M. Maurice},
    title     = {Sur quelques points du calcul fonctionnel},
    journal   = {Rend. Circ. Matem. Palermo},
    year      = {1906},
    volume    = {22},
    pages     = {1-72},
    doi       = {10.1007/BF03018603}
}

@inproceedings{gudmundsson18,
    author    = {Gudmundsson, Joachim and Mirzanezhad, Majid and Mohades, Ali and Wenk, Carola},
    title     = {Fast {F}r\'{e}chet Distance between Curves with Long Edges},
    booktitle = {Proceedings of the 3rd International Workshop on Interactive and Spatial Computing},
    series    = {IWISC '18},
    year      = {2018},
    pages     = {52-58},
    publisher = {Association for Computing Machinery},
    address   = {New York, NY, USA},
    editor    = {Balakrishnan, Prabhakaran and McMahan, Ryan P.},
    doi       = {10.1145/3191801.3191811}
}

@article{herrmann21,
    author    = {Herrmann, Matthieu and Webb, Geoffrey I.},
    title     = {Early abandoning and pruning for elastic distances including dynamic time warping},
    journal   = {Data Mining and Knowledge Discovery},
    year      = {2021},
    volume    = {35},
    pages     = {2577-2601},
    doi       = {10.1007/s10618-021-00782-4}
}

@inproceedings{heusel17,
    author    = {Heusel, Martin and Ramsauer, Hubert and Unterthiner, Thomas and Nessler, Bernhard and Hochreiter, Sepp},
    title     = {{GAN}s Trained by a Two Time-Scale Update Rule Converge to a Local {N}ash Equilibrium},
    booktitle = {Proceedings of the 31st International Conference on Neural Information Processing Systems},
    series    = {NIPS'17},
    year      = {2017},
    pages     = {6629-6640},
    publisher = {Curran Associates Inc.},
    address   = {Red Hook, NY, USA},
    editor    = {Guyon, I. and von Luxburg, U. and Bengio, S. and Wallach, H. and Fergus, R. and Vishwanathan, S. and Garnett, R.}
}

@article{hirschberg75,
    author    = {Hirschberg, D. S.},
    title     = {A Linear Space Algorithm for Computing Maximal Common Subsequences},
    journal   = {Commun. ACM},
    year      = {1975},
    volume    = {18},
    number    = {6},
    pages     = {341-343},
    doi       = {10.1145/360825.360861}
}

@book{iverson62,
    author    = {Iverson, Kenneth E.},
    title     = {A Programming Language},
    year      = {1962},
    publisher = {John Wiley \& Sons, Inc.},
    address   = {Hoboken, NJ, USA},
    isbn      = {978-0471430148}
}

@article{iverson79,
    author    = {Iverson, Kenneth E.},
    title     = {Notation as a Tool of Thought},
    journal   = {Commun. ACM},
    volume    = {23},
    number    = {8},
    year      = {1980},
    pages     = {444-465},
    publisher = {Association for Computing Machinery},
    doi       = {10.1145/358896.358899}
}

@article{jiang08,
    author    = {Jian, Minghui and Zhu, Binhai},
    title     = {Protein Structure Alignment with Discrete {F}r\'{e}chet Distance},
    journal   = {J. Bioinform. Comput. Biol.},
    year      = {2008},
    volume    = {06},
    number    = {01},
    pages     = {51-64},
    doi       = {10.1142/S0219720008003278}
}

@article{kantorovich60,
    author    = {Kantorovich, Leonid V.},
    title     = {Mathematical Methods of Organizing and Planning Production},
    journal   = {Management Science},
    year      = {1960},
    volume    = {6},
    number    = {4},
    pages     = {366-422},
    doi       = {10.1287/mnsc.6.4.366}
}

@inproceedings{kerkhof19,
    author    = {van de Kerkhof, Mees and Kostitsyna, Irina and L\"{o}ffler, Maarten and Mirzanezhad, Majid and Wenk, Carola},
    title     = {Global Curve Simplification},
    booktitle = {27th Annual European Symposium on Algorithms (ESA 2019)},
    series    = {Leibniz International Proceedings in Informatics (LIPIcs)},
    year      =	{2019},
    volume    = {144},
    number    = {67},
    pages     = {1-14},
    publisher = {Schloss Dagstuhl--Leibniz-Zentrum f\"{u}r Informatik},
    address   = {Dagstuhl, Germany},
    editor    = {Bender, Michael A. and Svensson, Ola and Herman, Grzegorz},
    doi       = {10.4230/LIPIcs.ESA.2019.67}
}

@inproceedings{kilgour19,
    author    = {Kevin Kilgour and Mauricio Zuluaga and Dominik Roblek and Matthew Sharifi},
    title     = {{F}r\'{e}chet Audio Distance: A Reference-Free Metric for Evaluating Music Enhancement Algorithms},
    year      = {2019},
    booktitle = {Proc. Interspeech 2019},
    pages     = {2350-2354},
    doi       = {10.21437/Interspeech.2019-2219}
}

@article{knuth92,
    author    = {Knuth, Donald E.},
    title     = {Two Notes on Notation},
    journal   = {The American Mathematical Monthly},
    year      = {1992},
    volume    = {99},
    number    = {5},
    pages     = {403-422},
    publisher = {Mathematical Association of America},
    doi       = {10.2307/2325085}
}

@article{kogge73,
    author    = {Kogge, Peter M. and Stone, Harold S.},
    title     = {A Parallel Algorithm for the Efficient Solution of a General Class of Recurrence Equations},
    journal   = {IEEE Transactions on Computers},
    year      = {1973},
    volume    = {C-22},
    number    = {8},
    pages     = {786-793},
    doi       = {10.1109/TC.1973.5009159}
}

@inproceedings{kreveld18,
    author    = {van Kreveld, Marc and L\"{o}ffler, Maarten and Wiratma, Lionov},
    title     = {On Optimal Polyline Simplification Using the Hausdorff and Fr\'{e}chet Distance},
    booktitle = {34th International Symposium on Computational Geometry (SoCG 2018)},
    series    = {Leibniz International Proceedings in Informatics (LIPIcs)},
    year      = {2018},
    volume    = {99},
    number    = {56},
    pages     = {1-14},
    publisher = {Schloss Dagstuhl--Leibniz-Zentrum f\"{u}r Informatik},
    address   = {Dagstuhl, Germany},
    editor    = {Bettina Speckmann and Csaba D. T\'{o}th},
    doi       = {10.4230/LIPIcs.SoCG.2018.56}
}

@article{levenshtein65,
    author    = {Levenshtein, Vladimir},
    title     = {Binary Codes Capable of Correcting Deletions, Insertions and Reversals},
    journal   = {Soviet Physics Doklady},
    year      = {1965},
    volume    = {10},
    number    = {8},
    pages     = {707-710}
}

@inproceedings{li20,
    author    = {Li, Shichen and Liang, Maohan and Liu, Ryan Wen},
    title     = {Vessel Trajectory Similarity Measure Based on Deep Convolutional Autoencoder},
    booktitle = {2020 5th IEEE International Conference on Big Data Analytics (ICBDA)},
    year      = {2020},
    pages     = {333-338},
    doi       = {10.1109/ICBDA49040.2020.9101289}
}

@article{liu23,
    author    = {Liu, Chang and Zhang, Shize and Cao, Lufang and Lin, Bin},
    title     = {The Identification of Ship Trajectories Using Multi-Attribute Compression and Similarity Metrics},
    journal   = {Journal of Marine Science and Engineering},
    volume    = {11},
    year      = {2023},
    number    = {10},
    doi       = {10.3390/jmse11102005}
}

@article{luo23,
    author    = {Luo, Sizhe and Zeng, Weiming},
    title     = {Vessel Trajectory Similarity Computation Based on Heterogeneous {G}raph {N}eural {N}etwork},
    journal   = {Journal of Marine Science and Engineering},
    volume    = {11},
    year      = {2023},
    number    = {7},
    doi       = {10.3390/jmse11071318}
}

@article{maheshwari11,
    author    = {Maheshwari, Anil and Sack, J\"{o}rg-R\"{u}diger and Shabaz, Kaveh and Zarrabi-Zadeh, Hamid},
    title     = {Fr\'{e}chet distance with speed limits},
    year      = {2011},
    journal   = {Computational Geometry},
    volume    = {44},
    number    = {2},
    pages     = {110-120},
    doi       = {10.1016/j.comgeo.2010.09.008}
}

@inproceedings{mascret06,
    author    = {Mascret, Ariane and Devogele, Thomas and Le Berre, Iwan and H\'{e}naff, Alain},
    title     = {Coastline Matching Process Based on the Discrete {F}r\'{e}chet Distance},
    booktitle = {Progress in Spatial Data Handling: 12th International Symposium on Spatial Data Handling},
    year      = {2006},
    pages     = {383-400},
    publisher = {Springer Berlin Heidelberg},
    address   = {Berlin, Heidelberg},
    editor    = {Riedl, Andreas and Kainz, Wolfgang and Elmes, Gregory A.},
    doi       = {10.1007/3-540-35589-8_25}
}

@article{nie21,
    author    = {Nie, Pin and Chen, Zhenjie and Xia, Nan and Huang, Qiuhao and Li, Feixue},
    title     = {Trajectory Similarity Analysis with the Weight of Direction and k-Neighborhood for {AIS} Data},
    journal   = {ISPRS International Journal of Geo-Information},
    volume    = {10},
    year      = {2021},
    number    = {11},
    doi       = {10.3390/ijgi10110757}
}

@inproceedings{praetzlich16,
    author    = {Pr\"atzlich, Thomas and Driedger, Jonathan and M\"uller, Meinard},
    title     = {Memory-restricted multiscale dynamic time warping},
    booktitle = {2016 IEEE International Conference on Acoustics, Speech and Signal Processing (ICASSP)},
    year      = {2016},
    pages     = {569-573},
    doi       = {10.1109/ICASSP.2016.7471739}
}

@misc{N4808,
    author    = {Jared Hoberock},
    title     = {Working Draft, {C++} Extensions for Parallelism Version 2},
    year      = {2019},
    note      = {N4808}
}

@article{preuer18,
    author    = {Preuer, Kristina and Renz, Philipp and Unterthiner, Thomas and Hochreiter, Sepp and Klambauer, G\"{u}nter},
    title     = {{F}r\'{e}chet ChemNet Distance: A Metric for Generative Models for Molecules in Drug Discovery},
    journal   = {Journal of Chemical Information and Modeling},
    volume    = {58},
    number    = {9},
    pages     = {1736-1741},
    year      = {2018},
    doi       = {10.1021/acs.jcim.8b00234}
}

@article{roberts18,
    author    = {Roberts, Steven Andrew},
    title     = {A Shape-Based Local Spatial Association Measure ({LISShA}): A Case Study in Maritime Anomaly Detection},
    journal   = {Geographical Analysis},
    year      = {2018},
    volume    = {51},
    number    = {4},
    pages     = {403-425},
    doi       = {10.1111/gean.12178}
}

@Article{sakan23,
    author    = {\v{S}akan, Davor and \v{Z}u\v{s}kin, Srdan and Rudan, Igor and Br\v{c}i\'{c}, David},
    title     = {Container Ship Fleet Route Evaluation and Similarity Measurement between Two Shipping Line Ports},
    journal   = {Journal of Marine Science and Engineering},
    year      = {2023},
    volume    = {11},
    number    = {2},
    doi       = {10.3390/jmse11020400}
}

@article{salvador07,
    author    = {Salvador, Stan and Chan, Philip},
    title     = {Toward accurate dynamic time warping in linear time and space},
    journal   = {Intell. Data Anal.},
    year      = {2007},
    volume    = {11},
    number    = {5},
    publisher = {IOS Press},
    address   = {NLD},
    pages     = {561‚Äì580}
}

@book{sankoff83,
    author    = {Sankoff, David and Kruskal, Joseph B.},
    title     = {Time Warps, String Edits, and Macromolecules: The Theory and Practice of Sequence Comparison},
    year      = {1983},
    publisher = {Addison-Wesley Publishing Company, Inc.},
    address   = {Boston, MA, USA}
}

@inproceedings{silva16,
    author    = {Diego F. Silva and Gustavo E. A. P. A. Batista},
    title     = {Speeding Up All-Pairwise Dynamic Time Warping Matrix Calculation},
    booktitle = {Proceedings of the 2016 SIAM International Conference on Data Mining (SDM)},
    year      = {2016},
    pages     = {837-845},
    doi       = {10.1137/1.9781611974348.94}
}

@article{sharma17,
    author    = {Sharma, Kanta Prasad and Pooniaa, Ramesh C. and Sunda, Surendra},
    title     = {Map matching algorithm: curve simplification for {F}r\'{e}chet distance computing and precise navigation on road network using {RTKLIB}},
    journal   = {Cluster Computing},
    year      = {2017},
    volume    = {22},
    number    = {6},
    pages     = {3351-13359},
    doi       = {10.1007/s10586-018-1910-z}
}

@inproceedings{sriraghavendra07,
    author    = {Sriraghavendra, E. and K., Karthik and Bhattacharyya, C.},
    title     = {Fr\'{e}chet Distance Based Approach for Searching Online Handwritten Documents},
    booktitle = {Ninth International Conference on Document Analysis and Recognition},
    series    = {ICDAR '07},
    year      = {2007},
    volume    = {1},
    pages     = {461-465},
    publisher = {IEEE},
    address   = {Curitiba, Brazil},
    doi       = {10.1109/ICDAR.2007.4378752}
}

@article{su20,
    author    = {Su, Han and Liu, Shuncheng and Zheng, Bolong and Zhou, Xiaofang and Zheng, Kai},
    title     = {A survey of trajectory distance measures and performance evaluation},
    journal   = {VLDB J.},
    year      = {2020},
    volume    = {29},
    pages     = {3-32},
    doi       = {10.1007/s00778-019-00574-9}
}

@article{vintsyuk68,
    author    = {Vintsyuk, T. K.},
    title     = {Speech discrimination by dynamic programming},
    journal   = {Cybernetics},
    year      = {1968},
    volume    = {4},
    pages     = {52-57},
    doi       = {10.1007/BF01074755}
}

@article{wasserstein69,
    author    = {Wasserstein, L. N.},
    journal   = {Probl. Peredachi Inf.},
    title     = {Markov processes over denumerable products of spaces, describing large systems of automata},
    volume    = {5},
    number    = {3},
    pages     = {64-72},
    year      = {1969}
}

@article{wagner74,
    author    = {Wagner, Robert A. and Fischer, Michael J.},
    title     = {The String-to-String Correction Problem},
    journal   = {J. ACM},
    year      = {1974},
    volume    = {21},
    number    = {1},
    pages     = {168-173},
    doi       = {10.1145/321796.321811}
}

@inproceedings{wylie12,
    author    = {Wylie, Tim and Zhu, Binhai},
    title     = {A Polynomial Time Solution for Protein Chain Pair Simplification under the Discrete {F}r\'{e}chet Distance},
    booktitle = {Bioinformatics Research and Applications},
    year      = {2012},
    pages     = {287-298},
    publisher = {Springer Berlin Heidelberg},
    address   = {Berlin, Heidelberg},
    editor    = {Bleris, Leonidas and M{\u{a}}ndoiu, Ion and Schwartz, Russell and Wang, Jianxin},
    doi       = {10.1007/978-3-642-30191-9_27}
}

@article{zhu07,
    author = {Zhu, Binhai},
    title = {Protein Local Structure Alignment Under the Discrete {F}r\'{e}chet Distance},
    journal = {J. Comput. Biol.},
    year = {2007},
    volume = {14},
    number = {10},
    pages = {1343-1351},
    doi = {10.1089/cmb.2007.0156}
}
